<?xml version="1.0" encoding="UTF-8"?><collection xmlns="http://www.loc.gov/MARC21/slim"><record><leader>00342nam--2200121-i-4500</leader><controlfield tag="001">000047215</controlfield><controlfield tag="002">20161230</controlfield><controlfield tag="005">20161230201046</controlfield><controlfield tag="008">060222s1000------------r-----000-0-eng-d</controlfield><datafield ind1=" " ind2=" " tag="100"><subfield code="a">Welcher, Frank J</subfield></datafield><datafield ind1=" " ind2=" " tag="245"><subfield code="a">The analytical uses ofethylenediamine tetraacetic acid</subfield></datafield><datafield ind1=" " ind2=" " tag="260"><subfield code="a">Toronto, D.Van Nostrand Co.Inc., 1958, Xvii + 366p</subfield></datafield><datafield ind1=" " ind2=" " tag="852"><subfield code="a">15136</subfield></datafield></record></collection>